@misc{
    rustbook,
    key={rustbook},
    title={The Rust Programming Language},
    howpublished={\url{https://doc.rust-lang.org/stable/book/}}
}

@misc{
    rustslides,
    key={rustslides},
    title={Slides about Rust by Prof. Sulzmann},
    howpublished={\url{https://sulzmann.github.io/ProgrammingParadigms/lec-rust.html}}
}
@misc{
    haskellslides,
    key={haskellslides},
    title={Slides about Haskell by Prof. Sulzmann},
    howpublished={\url{https://sulzmann.github.io/ProgrammingParadigms/lec-rust-vs-haskell.html}}
}
@misc{
    websitedesignpatterns,
    key={websitedesignpatterns},
    title={Design Patterns},
    howpublished={\url{https://refactoring.guru/design-patterns}}
}
		
